@Book{nielsen,
 author    = "Michael Nielsen",
 publisher = "\url{http://neuralnetworksanddeeplearning.com/}",
 title     = "Neural Networks and Deep Learning",
 year      =  2014,
 annote    = "A very well written and basic introduction to deep learning for the less mathematically inclined."
}
@book{strang09,
  address = {Wellesley, MA},
  author = {Strang, Gilbert},
  isbn = {0980232716},
  keywords = {linear_algebra matrix textbook},
  publisher = {Wellesley-Cambridge Press},
  title = {Introduction to Linear Algebra},
  year = 2009,
  annote = "The standard textbook for undergraduate linear algebra. A classic."
}

@incollection{NIPS2012_4824,
title = {ImageNet Classification with Deep Convolutional Neural Networks},
author = {Alex Krizhevsky and Sutskever, Ilya and Geoffrey E. Hinton},
booktitle = {Advances in Neural Information Processing Systems 25},
editor = {F. Pereira and C.J.C. Burges and L. Bottou and K.Q. Weinberger},
pages = {1097--1105},
year = {2012},
publisher = {Curran Associates, Inc.},
url = {http://papers.nips.cc/paper/4824-imagenet-classification-with-deep-convolutional-neural-networks.pdf},
annote = {This paper started another revolution in neural networks by showing that deep convolutional networks can be used very successfully for large-scale image classification.}
}

@INPROCEEDINGS{Grant06disciplinedconvex,
    author = {Michael Grant and Stephen Boyd and Yinyu Ye},
    title = {Disciplined convex programming},
    booktitle = {Global Optimization: From Theory to Implementation, Nonconvex Optimization and Its Application Series},
    year = {2006},
    pages = {155--210},
    publisher = {Springer},
    annote = {The paper introduces an elegant way to prototype convex models, which revolutionized how convex optimization is being taught.}
}

@book{LectureA,
  author = {Ng, Andrew},
  publisher = {Stanford University and Coursera (\url{http://www.coursera.org/course/ml})},
  howpublished = {University Lecture},
  title = {Machine Learning},
  annote = {A very accessible introduction to machine learning that does not require too much mathematical background.}
}

@book{heavyball,
  author = {Recht, Ben},
  publisher = {University of Wisconsin-Madison (\url{http://pages.cs.wisc.edu/~brecht/cs726docs/HeavyBallLinear.pdf})},
  howpublished = {University Lecture},
  title = {Optimization},
  annote = {Describes the Heavy Ball method}
}



@unpublished{Bengio-et-al-2015-Book,
    title={Deep Learning},
    author={Yoshua Bengio and Ian J. Goodfellow and Aaron Courville},
    note={Book in preparation for MIT Press (\url{http://www.iro.umontreal.ca/~bengioy/dlbook)}},
    year={2015},
    annote = {A more advanced book about deep learning that the one that Michael Nielsen wrote, you should read it after that. It contains many of the important models that people came up with in deep learning.}
}

@book{Boyd:2004:CO:993483,
 author = {Boyd, Stephen and Vandenberghe, Lieven},
 title = {Convex Optimization},
 year = {2004},
 isbn = {0521833787},
 publisher = {Cambridge University Press},
 address = {New York, NY, USA},
 annote = {The bible of convex optimization. Also available online for free (\url{http://web.stanford.edu/~boyd/cvxbook/}).}
} 


@unpublished{Moritz_Yang15,
  author       = {Philipp Moritz und Fanny Yang}, 
  title        = {A gentle introduction of mathematical machine learning},
  note         = {Unpublished lecture notes for summer course ``Learning from data''},
  month        = 8,
  year         = 2015
}

@book{wahlster1981ki,
  title={KI-Verfahren zur Unterst{\"u}tzung der {\"a}rztlichen Urteilsbildung},
  author={Wahlster, Wolfgang},
  year={1981},
  publisher={Springer}
}

@misc{3sat,
  author       = {T. A. Skalski}, 
  title        = {{3sat TV-Sendung: KI im Alltag -- Elektronische Unterstützung -- überall und jederzeit}},
  month        = 5,
  year         = 2013,
}


@misc{Innovationsblog,
  author       = {Andreas Pihan}, 
  title        = {{10 Bereiche, in denen wir heute schon innovative künstliche Intelligenz finden}},
  month        = 4,
  year         = 2015,
  howpublished = "\url{http://www.der-innovationsblog.de}"
}


@article{Spiegel_2,
  author       = {Judith Horchert, Matthias Kremp, Christian Stöcker}, 
  title        = {{Fünf Technologien, die unseren Alltag verändern werden }},
  journal      = {Spiegel},
  month        = 2,
  year         = 2015,
}

@misc{UniversitaetHamburg_1,
  author       = {Prof. Bernd Neumann}, 
  title        = {{Universit\"at Hamburg, Vortrag \"uber Künstliche Intelligenz - ein Blick hinter die Kulissen}},  
}

@article{donahue2014,
  title={Long-term recurrent convolutional networks for visual recognition and description},
  author={Donahue, Jeff and Hendricks, Lisa Anne and Guadarrama, Sergio and Rohrbach, Marcus and Venugopalan, Subhashini and Saenko, Kate and Darrell, Trevor},
  journal={arXiv preprint arXiv:1411.4389},
  year={2014}
}


@misc{NewAtlantis,
  author       = {Mark Halpern}, 
  title        = {{The trouble with the Turing Test}},
  year         = 2006,
  journal      = {The New Atlantis},
  }


@misc{Spektrum_1,
  author       = {Dr. Rolf Henkel}, 
  title        = {{KI. Das Zeitalter der Künstlichen Intelligenz}},
  month        = 6,
  year         = 1994,
}


@misc{UniversitaetJena,
  author       = { Prof. E.G. Schukat-Talamazzini }, 
  title        = {{Maschinelles Lernen \& Datamining (Vorlesungsskript)}},
  month        = 7,
  year         = 2015,
}


@misc{UniversitaetOldenburg,
  author       = {Manuela Varchmin}, 
  title        = {{Künstliche Intelligenz Informatik und Gesellschaft}},
  year         = 2008,
  howpublished = "\url{http://www.informatik.uni-oldenburg.de/~iug08/ki}"
 }


@article{BildDerWissenschaft_1,
  author       = {Doris Marszk }, 
  title        = {{Können Computer kreativ sein?}},
  journal      = {Bild der Wissenschaft},
  month        = 11,
  year         = 2001,
}

@article{Spiegel_1,
  author  = { Matthias Lauerer }, 
  title   = {{Technik im Operationssaal: Teurer Eingriff mit Dr. Robo}},
  journal = {Spiegel},
  year    = 2013,
  month   = 4,
  }

@inproceedings{Caffe06,
  title={High performance convolutional neural networks for document processing},
  author={Chellapilla, Kumar and Puri, Sidd and Simard, Patrice},
  booktitle={Tenth International Workshop on Frontiers in Handwriting Recognition},
  year={2006},
  organization={Suvisoft}
}
